@book{bratteli1979operator,
	title={Operator Algebras and Quantum Statistical Mechanics 1: C*- and W*-Algebras. Symmetry Groups. Decomposition of States},
	author={Bratteli, O. and Robinson, D.W.},
	isbn={9783540170938},
	lccn={86027877},
	series={Operator Algebras and Quantum Statistical Mechanics},
	url={https://books.google.be/books?id=YuR4VQOQQUIC},
	year={1979},
	publisher={Springer}
}

@article{schuch2011MatrixProduct,
	title={Classifying quantum phases using matrix product states and projected entangled pair states},
	volume={84},
	ISSN={1550-235X},
	url={http://dx.doi.org/10.1103/PhysRevB.84.165139},
	DOI={10.1103/physrevb.84.165139},
	number={16},
	journal={Physical Review B},
	publisher={American Physical Society (APS)},
	author={Schuch, Norbert and Pérez-García, David and Cirac, Ignacio},
	year={2011},
	month={Oct} }

@article{pollman2012symmetry,
	title={Symmetry protection of topological phases in one-dimensional quantum spin systems},
	volume={85},
	ISSN={1550-235X},
	url={http://dx.doi.org/10.1103/PhysRevB.85.075125},
	DOI={10.1103/physrevb.85.075125},
	number={7},
	journal={Physical Review B},
	publisher={American Physical Society (APS)},
	author={Pollmann, Frank and Berg, Erez and Turner, Ari M. and Oshikawa, Masaki},
	year={2012},
	month={Feb} }


@book{benson1991representations,
	title={Representations and Cohomology: Volume 2, Cohomology of Groups and Modules},
	author={Benson, D.J.},
	isbn={9780521636520},
	lccn={91178874},
	series={Cambridge Studies in Advanced Mathematics},
	url={https://books.google.be/books?id=dUkdVzrPIroC},
	year={1991},
	publisher={Cambridge University Press}
}

@article{ogata2021h3gmathbb,
      title={A {$H^{3}(G,{\mathbb T})$}-valued index of symmetry protected topological phases with on-site finite group symmetry for two-dimensional quantum spin systems}, 
      author={Yoshiko Ogata},
      year={2021},
      primaryClass={math-ph},
      journal={Forum of Mathematics, Pi},
      volume={9:e13 1–62}
}

@article{chen_gu_wen_2011,
	title={Classification of gapped symmetric phases in one-dimensional spin systems},
	volume={83}, url={https://arxiv.org/pdf/1008.3745.pdf}, DOI={10.1103/physrevb.83.035107},
	number={3}, journal={Physical Review B},
	author={Chen, Xie and Gu, Zheng-Cheng and Wen, Xiao-Gang},
	year={2011}
}

@article{Chen_2013,
   title={Symmetry protected topological orders and the group cohomology of their symmetry group},
   volume={87},
   ISSN={1550-235X},
   url={http://dx.doi.org/10.1103/PhysRevB.87.155114},
   DOI={10.1103/physrevb.87.155114},
   number={15},
   journal={Physical Review B},
   publisher={American Physical Society (APS)},
   author={Chen, Xie and Gu, Zheng-Cheng and Liu, Zheng-Xin and Wen, Xiao-Gang},
   year={2013},
   month={Apr}
}

@article{ogata2019classification,
    title={A classification of pure states on quantum spin chains satisfying the split property with on-site finite group symmetries},
    author={Yoshiko Ogata},
    year={2021},
    eprint={1908.08621},
    primaryClass={math.OA},
    journal={Transactions of the American Mathematical Society, Series B},
    volume={vol 8, page 39-65},
    url={https://www.ams.org/journals/btran/2021-08-02/S2330-0000-2021-00051-5/}
}

@article{kapustin2021classification,
	title={A classification of invertible phases of bosonic quantum lattice systems in one dimension},
	volume={62},
	ISSN={1089-7658},
	url={http://dx.doi.org/10.1063/5.0055996},
	DOI={10.1063/5.0055996},
	number={8},
	journal={Journal of Mathematical Physics},
	publisher={AIP Publishing},
	author={Kapustin, Anton and Sopenko, Nikita and Yang, Bowen},
	year={2021},
	month={Aug},
	pages={081901} }

@misc{xiong2019classification,
	oi = {10.48550/ARXIV.1906.02892},
	url = {https://arxiv.org/abs/1906.02892},
	author = {Xiong, Charles Zhaoxi},
	keywords = {Strongly Correlated Electrons (cond-mat.str-el), High Energy Physics - Theory (hep-th), Mathematical Physics (math-ph), Quantum Physics (quant-ph), FOS: Physical sciences, FOS: Physical sciences},
	title = {Classification and Construction of Topological Phases of Quantum Matter},
	publisher = {arXiv},
	year = {2019},
	copyright = {arXiv.org perpetual, non-exclusive license},
	howPublished={arXiv:1906.02892}
}

@article{Else_2016,
   title={Classification of topological phases in periodically driven interacting systems},
   volume={93},
   ISSN={2469-9969},
   url={http://dx.doi.org/10.1103/PhysRevB.93.201103},
   DOI={10.1103/physrevb.93.201103},
   number={20},
   journal={Physical Review B},
   publisher={American Physical Society (APS)},
   author={Else, Dominic V. and Nayak, Chetan},
   year={2016},
   month={May}
}

@article{Else_2014,
   title={Classifying symmetry-protected topological phases through the anomalous action of the symmetry on the edge},
   volume={90},
   ISSN={1550-235X},
   url={http://dx.doi.org/10.1103/PhysRevB.90.235137},
   DOI={10.1103/physrevb.90.235137},
   number={23},
   journal={Physical Review B},
   publisher={American Physical Society (APS)},
   author={Else, Dominic V. and Nayak, Chetan},
   year={2014},
   month={Dec}
}

@misc{nachtergaele2010liebrobinson,
      title={Lieb-Robinson Bounds in Quantum Many-Body Physics}, 
      author={Bruno Nachtergaele and Robert Sims},
      url={https://arxiv.org/abs/1004.2086},
      year={2010},
      eprint={1004.2086},
      archivePrefix={arXiv},
      primaryClass={math-ph}
}

@article{doi:10.1063/1.5095769,
author = {Nachtergaele,Bruno  and Sims,Robert  and Young,Amanda },
title = {Quasi-locality bounds for quantum lattice systems. I. Lieb-Robinson bounds, quasi-local maps, and spectral flow automorphisms},
journal = {Journal of Mathematical Physics},
volume = {60},
number = {6},
pages = {061101},
year = {2019},
doi = {10.1063/1.5095769},
URL = { 
        https://doi.org/10.1063/1.5095769
},
eprint = { 
        https://doi.org/10.1063/1.5095769   
}
}

@article{Potter_2016,
   title={Classification of Interacting Topological Floquet Phases in One Dimension},
   volume={6},
   ISSN={2160-3308},
   url={http://dx.doi.org/10.1103/PhysRevX.6.041001},
   DOI={10.1103/physrevx.6.041001},
   number={4},
   journal={Physical Review X},
   publisher={American Physical Society (APS)},
   author={Potter, Andrew C. and Morimoto, Takahiro and Vishwanath, Ashvin},
   year={2016},
   month={Oct}
}

@article{Hastings_2006,
   title={Spectral Gap and Exponential Decay of Correlations},
   volume={265},
   ISSN={1432-0916},
   url={http://dx.doi.org/10.1007/s00220-006-0030-4},
   DOI={10.1007/s00220-006-0030-4},
   number={3},
   journal={Communications in Mathematical Physics},
   publisher={Springer Science and Business Media LLC},
   author={Hastings, Matthew B. and Koma, Tohru},
   year={2006},
   month={Apr},
   pages={781–804}
}

@article{Chen_2011,
	doi = {10.1103/physrevb.84.235141},
	url = {https://doi.org/10.1103%2Fphysrevb.84.235141},
	year = 2011,
	month = {dec},
	publisher = {American Physical Society ({APS})},
	volume = {84},
	number = {23}, 
	author = {Xie Chen and Zheng-Xin Liu and Xiao-Gang Wen},
	title = {Two-dimensional symmetry-protected topological orders and their protected gapless edge excitations},
	journal = {Physical Review B}
}

@InProceedings{NaScWe_2013,
	author="Nachtergaele, Bruno
	and Scholz, Volkher B.
	and Werner, Reinhard F.",
	editor="Janas, Jan
	and Kurasov, Pavel
	and Laptev, Ari
	and Naboko, Sergei",
	title="Local Approximation of Observables and Commutator Bounds",
	booktitle="Operator Methods in Mathematical Physics",
	year="2013",
	publisher="Springer Basel",
	address="Basel",
	pages="143--149",
	abstract="We discuss conditional expectations that can be used as generalizations of the partial trace for quantum systems with an infinite-dimensional Hilbert space of states.",
	isbn="978-3-0348-0531-5"
}

@misc{jappens2023spt,
	title={SPT indices emerging from translation invariance in two dimensional quantum spin systems}, 
	author={Tijl Jappens},
	year={2023},
	eprint={2202.11758},
	archivePrefix={arXiv},
	primaryClass={math-ph},
	howPublished={arXiv:2101.00426}
}